@article{fraser2009pandemic,
  title={Pandemic potential of a strain of influenza A (H1N1): early findings},
  author={Fraser, Christophe and Donnelly, Christl A and Cauchemez, Simon and Hanage, William P and Van Kerkhove, Maria D and Hollingsworth, T D{\'e}irdre and Griffin, Jamie and Baggaley, Rebecca F and Jenkins, Helen E and Lyons, Emily J and others},
  journal={science},
  year={2009},
  publisher={American Association for the Advancement of Science}
}

@article{fisman2014early,
  title={Early epidemic dynamics of the West African 2014 Ebola outbreak: estimates derived with a simple two-parameter model},
  author={Fisman, David and Khoo, Edwin and Tuite, Ashleigh},
  journal={PLoS currents},
  volume={6},
  year={2014},
  publisher={Public Library of Science}
}

@misc{cdc2019fluview,
  title={National, Regional, and State Level Outpatient Illness and Viral Surveillance},
  author={CDC},
  howpublished={https://www.cdc.gov/flu/weekly/fluactivitysurv.htm},
  note={Accessed: January 2019}
}

@article{blossey2008compositionality,
  title={Compositionality, stochasticity, and cooperativity in dynamic models of gene regulation},
  author={Blossey, Ralf and Cardelli, Luca and Phillips, Andrew},
  journal={HFSP journal},
  volume={2},
  number={1},
  pages={17--28},
  year={2008},
  publisher={Taylor \& Francis}
}

@book{sangiorgi2003pi,
  title={The pi-calculus: a Theory of Mobile Processes},
  author={Sangiorgi, Davide and Walker, David},
  year={2003},
  publisher={Cambridge university press}
}

@article{nurse2008life,
  title={Life, logic and information},
  author={Nurse, Paul},
  journal={Nature},
  volume={454},
  number={7203},
  pages={424},
  year={2008},
  publisher={Nature Publishing Group}
}

@incollection{cardelli2005abstract,
  title={Abstract machines of systems biology},
  author={Cardelli, Luca},
  booktitle={Transactions on Computational Systems Biology III},
  pages={145--168},
  year={2005},
  publisher={Springer}
}

@article{harel1987statecharts,
  title={Statecharts: A visual formalism for complex systems},
  author={Harel, David},
  journal={Science of computer programming},
  volume={8},
  number={3},
  pages={231--274},
  year={1987},
  publisher={Elsevier}
}

@article{chaouiya2007petri,
  title={Petri net modelling of biological networks},
  author={Chaouiya, Claudine},
  journal={Briefings in bioinformatics},
  volume={8},
  number={4},
  pages={210--219},
  year={2007},
  publisher={Oxford University Press}
}

@article{chiola1993generalized,
  title={Generalized stochastic Petri nets: A definition at the net level and its implications},
  author={Chiola, Giovanni and Marsan, Marco Ajmone and Balbo, Gianfranco and Conte, Gianni},
  journal={IEEE Transactions on software engineering},
  volume={19},
  number={2},
  pages={89--107},
  year={1993},
  publisher={IEEE}
}

@article{movaghar1985performability,
  title={Performability modeling with stochastic activity networks},
  author={Movaghar, Ali},
  year={1985},
  publisher={University of Michigan}
}

@inproceedings{sanders2000stochastic,
  title={Stochastic activity networks: Formal definitions and concepts},
  author={Sanders, William H and Meyer, John F},
  booktitle={School organized by the European Educational Forum},
  pages={315--343},
  year={2000},
  organization={Springer}
}

@article{qureshi1996algorithms,
  title={Algorithms for the generation of state-level representations of stochastic activity networks with general reward structures},
  author={Qureshi, Muhammad A and Sanders, William H and Van Moorsel, Aad PA and German, Reinhard},
  journal={IEEE Transactions on Software Engineering},
  volume={22},
  number={9},
  pages={603--614},
  year={1996},
  publisher={IEEE}
}

@inproceedings{deavours1999efficient,
  title={An efficient well-specified check},
  author={Deavours, Daniel D and Sanders, William H},
  booktitle={Petri Nets and Performance Models, 1999. Proceedings. The 8th International Workshop on},
  pages={124--133},
  year={1999},
  organization={IEEE}
}

@inproceedings{ciardo1996well,
  title={Well-defined stochastic Petri nets},
  author={Ciardo, Gianfranco and Zijal, Robert},
  booktitle={Modeling, Analysis, and Simulation of Computer and Telecommunication Systems, 1996. MASCOTS'96., Proceedings of the Fourth International Workshop on},
  pages={278--284},
  year={1996},
  organization={IEEE}
}

@article{sanders1991reduced,
  title={Reduced base model construction methods for stochastic activity networks},
  author={Sanders, William H and Meyer, John F},
  journal={IEEE Journal on Selected Areas in Communications},
  volume={9},
  number={1},
  pages={25--36},
  year={1991},
  publisher={IEEE}
}

@article{sanders1992dependability,
  title={Dependability evaluation using composed SAN-based reward models},
  author={Sanders, William H and Malhis, Luai M},
  journal={Journal of parallel and distributed computing},
  volume={15},
  number={3},
  pages={238--254},
  year={1992}
}

@article{freire1990technique,
  title={A technique for simulating composed SAN-based reward models},
  author={Freire, Roberto},
  year={1990},
  publisher={The University of Arizona.}
}

@article{sanders1988construction,
  title={Construction and solution of performability models based on stochastic activity networks},
  author={Sanders, William Harry},
  year={1988},
  publisher={University of Michigan}
}

@book{howard2012dynamic,
  title={Dynamic probabilistic systems: Markov models},
  author={Howard, Ronald A},
  volume={1},
  year={2012},
  publisher={Courier Corporation}
}

@inproceedings{lampka2002symbolic,
  title={Symbolic composition within the M{\"o}bius framework},
  author={Lampka, Kai and Siegle, Markus},
  booktitle={Proc. of the 2nd MMB Workshop},
  pages={63--74},
  year={2002}
}

@article{sanders1995ultrasan,
  title={The UltraSAN modeling environment},
  author={Sanders, William H. and Obal II, W Douglas and Qureshi, Muhammad A. and Widjanarko, FK},
  journal={Performance Evaluation},
  volume={24},
  number={1-2},
  pages={89--115},
  year={1995},
  publisher={Elsevier}
}

@book{bruce2002foundations,
  title={Foundations of object-oriented languages: types and semantics},
  author={Bruce, Kim B},
  year={2002},
  publisher={MIT press}
}

@book{montgomery2017design,
  title={Design and analysis of experiments},
  author={Montgomery, Douglas C},
  year={2017},
  publisher={John wiley \& sons}
}

@article{bailis2005mortality,
  title={Mortality and greenhouse gas impacts of biomass and petroleum energy futures in Africa},
  author={Bailis, Robert and Ezzati, Majid and Kammen, Daniel M},
  journal={Science},
  volume={308},
  number={5718},
  pages={98--103},
  year={2005},
  publisher={American Association for the Advancement of Science}
}

@article{murphy2004quantification,
  title={Quantification of modelling uncertainties in a large ensemble of climate change simulations},
  author={Murphy, James M and Sexton, David MH and Barnett, David N and Jones, Gareth S and Webb, Mark J and Collins, Matthew and Stainforth, David A},
  journal={Nature},
  volume={430},
  number={7001},
  pages={768},
  year={2004},
  publisher={Nature Publishing Group}
}

@article{morris1991factorial,
  title={Factorial sampling plans for preliminary computational experiments},
  author={Morris, Max D},
  journal={Technometrics},
  volume={33},
  number={2},
  pages={161--174},
  year={1991},
  publisher={Taylor \& Francis Group}
}

@article{srivastava2002stochastic,
  title={Stochastic vs. deterministic modeling of intracellular viral kinetics},
  author={Srivastava, Ranjan and You, L and Summers, J and Yin, J},
  journal={Journal of theoretical biology},
  volume={218},
  number={3},
  pages={309--321},
  year={2002},
  publisher={Academic Press}
}

@article{haseltine2002approximate,
  title={Approximate simulation of coupled fast and slow reactions for stochastic chemical kinetics},
  author={Haseltine, Eric L and Rawlings, James B},
  journal={The Journal of chemical physics},
  volume={117},
  number={15},
  pages={6959--6969},
  year={2002},
  publisher={AIP}
}

@article{weinberger2005stochastic,
  title={Stochastic gene expression in a lentiviral positive-feedback loop: HIV-1 Tat fluctuations drive phenotypic diversity},
  author={Weinberger, Leor S and Burnett, John C and Toettcher, Jared E and Arkin, Adam P and Schaffer, David V},
  journal={Cell},
  volume={122},
  number={2},
  pages={169--182},
  year={2005},
  publisher={Elsevier}
}

@misc{olivier2011pysces,
  title={PySCeS CBMPy: Constraint Based Modelling in Python},
  author={Olivier, BG},
  year={2011}
}

@article{olivier2005modelling,
  title={Modelling cellular systems with PySCeS},
  author={Olivier, Brett G and Rohwer, Johann M and Hofmeyr, Jan-Hendrik S},
  journal={Bioinformatics},
  volume={21},
  number={4},
  pages={560--561},
  year={2005}
}

@inproceedings{ahnert2011odeint,
  title={Odeint--solving ordinary differential equations in C++},
  author={Ahnert, Karsten and Mulansky, Mario},
  booktitle={AIP Conference Proceedings},
  volume={1389},
  number={1},
  pages={1586--1589},
  year={2011},
  organization={AIP}
}

@misc{oliphant2004scipy,
  title={SciPy Tutorial},
  author={Oliphant, Travis E},
  year={2004}
}

@book{freedman1980deterministic,
  title={Deterministic mathematical models in population ecology},
  author={Freedman, Herbert I},
  volume={57},
  year={1980},
  publisher={Marcel Dekker Incorporated}
}

@book{brauer2012mathematical,
  title={Mathematical models in population biology and epidemiology},
  author={Brauer, Fred and Castillo-Chavez, Carlos and Castillo-Chavez, Carlos},
  volume={40},
  year={2012},
  publisher={Springer}
}

@article{hoppensteadt2006predator,
  title={Predator-prey model},
  author={Hoppensteadt, Frank},
  journal={Scholarpedia},
  volume={1},
  number={10},
  pages={1563},
  year={2006}
}

@book{balakrishnan2012textbook,
  title={A textbook of graph theory},
  author={Balakrishnan, Rangaswami and Ranganathan, Kanna},
  year={2012},
  publisher={Springer Science \& Business Media}
}

@book{berge1984hypergraphs,
  title={Hypergraphs: combinatorics of finite sets},
  author={Berge, Claude},
  volume={45},
  year={1984},
  publisher={Elsevier}
}

@inproceedings{lattner2004llvm,
  title={LLVM: A compilation framework for lifelong program analysis \& transformation},
  author={Lattner, Chris and Adve, Vikram},
  booktitle={Proceedings of the international symposium on Code generation and optimization: feedback-directed and runtime optimization},
  pages={75},
  year={2004},
  organization={IEEE Computer Society}
}

@inproceedings{lattner2008llvm,
  title={LLVM and Clang: Next generation compiler technology},
  author={Lattner, Chris},
  booktitle={The BSD conference},
  volume={5},
  year={2008}
}

@phdthesis{lattner2002llvm,
  title={LLVM: An infrastructure for multi-stage optimization},
  author={Lattner, Chris Arthur},
  year={2002},
  school={University of Illinois at Urbana-Champaign}
}

@inproceedings{wright2018quine,
  title={Quine: A Temporal Graph System for Provenance Storage and Analysis},
  author={Wright, Ryan},
  booktitle={International Provenance and Annotation Workshop},
  pages={177--180},
  year={2018},
  organization={Springer}
}

@article{mavaddat1988urisc,
  title={URISC: the ultimate reduced instruction set computer},
  author={Mavaddat, Farhad and Parhami, Behrooz},
  journal={International Journal of Electrical Engineering Education},
  volume={25},
  number={4},
  pages={327--334},
  year={1988},
  publisher={SAGE Publications Sage UK: London, England}
}

@book{reisig2012petri,
  title={Petri nets: an introduction},
  author={Reisig, Wolfgang},
  volume={4},
  year={2012},
  publisher={Springer Science \& Business Media}
}

@article{ciardo1994characterization,
  title={A characterization of the stochastic process underlying a stochastic Petri net},
  author={Ciardo, Gianfranco and German, Reinhard and Lindemann, Christoph},
  journal={IEEE Transactions on Software Engineering},
  volume={20},
  number={7},
  pages={506--515},
  year={1994},
  publisher={IEEE}
}

@article{hack1976petri,
  title={Petri net language},
  author={Hack, Michel},
  year={1976},
  publisher={Massachusetts Institute of Technology}
}

@article{sanders1991reduced,
  title={Reduced base model construction methods for stochastic activity networks},
  author={Sanders, William H and Meyer, John F},
  journal={IEEE Journal on Selected Areas in Communications},
  volume={9},
  number={1},
  pages={25--36},
  year={1991},
  publisher={IEEE}
}