@article{fraser2009pandemic,
  title={Pandemic potential of a strain of influenza A (H1N1): early findings},
  author={Fraser, Christophe and Donnelly, Christl A and Cauchemez, Simon and Hanage, William P and Van Kerkhove, Maria D and Hollingsworth, T D{\'e}irdre and Griffin, Jamie and Baggaley, Rebecca F and Jenkins, Helen E and Lyons, Emily J and others},
  journal={science},
  year={2009},
  publisher={American Association for the Advancement of Science}
}

@article{fisman2014early,
  title={Early epidemic dynamics of the West African 2014 Ebola outbreak: estimates derived with a simple two-parameter model},
  author={Fisman, David and Khoo, Edwin and Tuite, Ashleigh},
  journal={PLoS currents},
  volume={6},
  year={2014},
  publisher={Public Library of Science}
}

@misc{cdc2019fluview,
  title={National, Regional, and State Level Outpatient Illness and Viral Surveillance},
  author={CDC},
  howpublished={https://www.cdc.gov/flu/weekly/fluactivitysurv.htm},
  note={Accessed: January 2019}
}

@article{blossey2008compositionality,
  title={Compositionality, stochasticity, and cooperativity in dynamic models of gene regulation},
  author={Blossey, Ralf and Cardelli, Luca and Phillips, Andrew},
  journal={HFSP journal},
  volume={2},
  number={1},
  pages={17--28},
  year={2008},
  publisher={Taylor \& Francis}
}

@book{sangiorgi2003pi,
  title={The pi-calculus: a Theory of Mobile Processes},
  author={Sangiorgi, Davide and Walker, David},
  year={2003},
  publisher={Cambridge university press}
}

@article{nurse2008life,
  title={Life, logic and information},
  author={Nurse, Paul},
  journal={Nature},
  volume={454},
  number={7203},
  pages={424},
  year={2008},
  publisher={Nature Publishing Group}
}

@incollection{cardelli2005abstract,
  title={Abstract machines of systems biology},
  author={Cardelli, Luca},
  booktitle={Transactions on Computational Systems Biology III},
  pages={145--168},
  year={2005},
  publisher={Springer}
}
