ewd@whodat-41-56.galois.com.286